<?xml version="1.0" encoding="UTF-8"?><collection xmlns="http://www.loc.gov/MARC21/slim"><record><leader>00468nam--2200181-u-4500</leader><controlfield tag="001">000053530</controlfield><controlfield tag="002">20161230</controlfield><controlfield tag="005">20161230201051</controlfield><controlfield tag="008">110411s1000------------r-----000-0-eng-d</controlfield><datafield ind1=" " ind2=" " tag="020"><subfield code="a">3540657436</subfield></datafield><datafield ind1=" " ind2=" " tag="040"><subfield code="a">IFIN-HH</subfield></datafield><datafield ind1=" " ind2=" " tag="080"><subfield code="a">577.32:544.015.4</subfield></datafield><datafield ind1="1" ind2=" " tag="100"><subfield code="a">Notling, Bengt</subfield></datafield><datafield ind1="1" ind2="0" tag="245"><subfield code="a">Protein folding kinetics</subfield><subfield code="b">Biophysical methods</subfield><subfield code="c">Bengt nolting</subfield></datafield><datafield ind1=" " ind2=" " tag="260"><subfield code="a">Berlin</subfield><subfield code="b">Springer</subfield><subfield code="c">1999</subfield></datafield><datafield ind1=" " ind2=" " tag="300"><subfield code="a">190P</subfield></datafield><datafield ind1=" " ind2=" " tag="852"><subfield code="a">81487</subfield><subfield code="c">577.3</subfield></datafield><datafield ind1=" " ind2=" " tag="CAT"><subfield code="a">Sys</subfield><subfield code="c">20110411</subfield><subfield code="h">154905</subfield></datafield></record></collection>